<record><leader>00000cas a22000007a 4500</leader><controlfield tag="001">19536429</controlfield><controlfield tag="008">890412c19809999gauwr ne      0    0eng d</controlfield><datafield ind1=" " ind2=" " tag="010"><subfield code="a">sn 89053260 </subfield></datafield><datafield ind1=" " ind2=" " tag="040"><subfield code="a">NLG</subfield><subfield code="b">eng</subfield><subfield code="c">NLG</subfield><subfield code="d">OCLCQ</subfield><subfield code="d">GUA</subfield><subfield code="d">OCLCQ</subfield><subfield code="d">OCLCF</subfield><subfield code="d">OCLCO</subfield></datafield><datafield ind1="1" ind2=" " tag="029"><subfield code="a">AU@</subfield><subfield code="b">000020566452</subfield></datafield><datafield ind1=" " ind2=" " tag="042"><subfield code="a">msc</subfield></datafield><datafield ind1=" " ind2=" " tag="043"><subfield code="a">n-us-ga</subfield></datafield><datafield ind1="0" ind2="0" tag="245"><subfield code="a">Pike County journal and reporter.</subfield></datafield><datafield ind1="1" ind2=" " tag="246"><subfield code="i">Issues for Mar. 15, 1995- called:</subfield><subfield code="a">Pike County journal-reporter</subfield></datafield><datafield ind1="1" ind2="7" tag="246"><subfield code="a">Reporter &amp; journal</subfield></datafield><datafield ind1=" " ind2=" " tag="260"><subfield code="a">Zebulon, Ga. :</subfield><subfield code="b">News Corp.,</subfield><subfield code="c">1980-</subfield></datafield><datafield ind1=" " ind2=" " tag="300"><subfield code="a">v.</subfield></datafield><datafield ind1=" " ind2=" " tag="310"><subfield code="a">Weekly</subfield></datafield><datafield ind1="0" ind2=" " tag="362"><subfield code="a">Vol. 4, no. 22 (Feb. 6, 1980)-</subfield></datafield><datafield ind1=" " ind2=" " tag="525"><subfield code="a">Supplements accompany some issues.</subfield></datafield><datafield ind1=" " ind2=" " tag="530"><subfield code="a">Also on microfilm: Athens, Ga. : University of Georgia Libraries.</subfield></datafield><datafield ind1=" " ind2=" " tag="530"><subfield code="a">Formed by the union of: Pike County journal (Zebulon, Ga. : 1907:, and: Reporter (Zebulon, Ga.).</subfield></datafield><datafield ind1=" " ind2="0" tag="651"><subfield code="a">Zebulon (Ga.)</subfield><subfield code="v">Newspapers.</subfield></datafield><datafield ind1=" " ind2="0" tag="651"><subfield code="a">Pike County (Ga.)</subfield><subfield code="v">Newspapers.</subfield></datafield><datafield ind1=" " ind2="7" tag="655"><subfield code="a">Newspapers.</subfield><subfield code="2">fast</subfield><subfield code="0">(OCoLC)fst01423814</subfield></datafield><datafield ind1=" " ind2="7" tag="651"><subfield code="a">Georgia</subfield><subfield code="z">Pike County.</subfield><subfield code="2">fast</subfield><subfield code="0">(OCoLC)fst01209836</subfield></datafield><datafield ind1=" " ind2="7" tag="651"><subfield code="a">Georgia</subfield><subfield code="z">Zebulon.</subfield><subfield code="2">fast</subfield><subfield code="0">(OCoLC)fst01300068</subfield></datafield><datafield ind1=" " ind2=" " tag="752"><subfield code="a">United States</subfield><subfield code="b">Georgia</subfield><subfield code="c">Pike</subfield><subfield code="d">Zebulon.</subfield></datafield><datafield ind1="1" ind2="4" tag="780"><subfield code="t">Pike County journal (Zebulon, Ga. : 1907)</subfield><subfield code="w">(DLC)sn 89053259</subfield><subfield code="w">(OCoLC)19536459</subfield></datafield><datafield ind1="1" ind2="4" tag="780"><subfield code="t">Reporter (Zebulon, Ga.)</subfield><subfield code="w">(DLC)sn 90052079</subfield><subfield code="w">(OCoLC)22190935</subfield></datafield></record>